@book{adams1995hitchhiker,
  title={The Hitchhiker's Guide to the Galaxy},
  author={Adams, D.},
  isbn={9781417642595},
  url={http://books.google.com/books?id=W-xMPgAACAAJ},
  year={1995},
  publisher={San Val}
}

@article{nimrod,
    title={Nimrod/G: An Architecture for a Resource Management and Scheduling System in a Global Computational Grid},
    author={Rajkumar Buyya, David Abramson, and Jonathan Giddy},
    journaltitle={Proceeding of the HPC Asian'2000},
    year={2000}
}

@article{cloudgridcompute,
    title={Cloud Computing and Grid Computing 360-Degree Compared},
    author={Ian Foster, Yong Zhao, Ioan Raicu, Shiyong Lu},
    journaltitle={unknown}
}

@article{gridbus,
    title={The Gridbus Toolkit for Service Oriented Grid and Utility Computing: An Overview and Status Report},
    author={Rajkumar Buyya and Srikumar Venugopal},
    journaltitle={unknown}
}

@article{economygrid,
    title={A Case for Economy Grid Architecture for Service Oriented Grid Computing},
    author={Rjkumar Buyya, David Abramson, Jonathan Giddy},
    journaltitle={unknown}
}


